@inproceedings{alt_domain-specific_2024,
  title = {Domain-{{Specific Fine-Tuning}} of~{{Large Language Models}} for~{{Interactive Robot Programming}}},
  booktitle = {European {{Robotics Forum}} 2024},
  author = {Alt, Benjamin and Ke{\ss}ner, Urs and Taranovic, Aleksandar and Katic, Darko and Hermann, Andreas and J{\"a}kel, Rainer and Neumann, Gerhard},
  editor = {Secchi, Cristian and Marconi, Lorenzo},
  year = {2024},
  month = mar,
  series = {Springer {{Proceedings}} in {{Advanced Robotics}}},
  volume = {32},
  eprint = {2312.13905},
  primaryclass = {cs},
  pages = {274--279},
  publisher = {Springer Nature Switzerland},
  address = {Rimini, Italy},
  doi = {10.1007/978-3-031-76424-0_49},
  archiveprefix = {arXiv},
  isbn = {978-3-031-76424-0}
}

@inproceedings{altBANSAIBridgingAI2024,
  title = {{{BANSAI}}: {{Towards Bridging}} the {{AI Adoption Gap}} in {{Industrial Robotics}} with {{Neurosymbolic Programming}}},
  booktitle = {Procedia {{CIRP}}},
  author = {Alt, Benjamin and Dvorak, Julia and Katic, Darko and J{\"a}kel, Rainer and Beetz, Michael and Lanza, Gisela},
  year = {2024},
  month = jan,
  volume = {130},
  eprint = {2404.13652},
  primaryclass = {cs},
  pages = {532--537},
  publisher = {Elsevier B.V.},
  address = {P{\'o}voa de Varzim, Portugal},
  doi = {10.1016/j.procir.2024.10.125},
  urldate = {2024-12-02},
  archiveprefix = {arXiv}
}

@inproceedings{altEfficientPPSPartawarePanoptic2023,
  title = {{{EfficientPPS}}: {{Part-aware Panoptic Segmentation}} of {{Transparent Objects}} for {{Robotic Manipulation}}},
  booktitle = {{{ISR Europe}} 2023},
  author = {Alt, Benjamin and Nguyen, Minh Dang and Hermann, Andreas and Katic, Darko and J{\"a}kel, Rainer and Dillmann, R{\"u}diger and Sax, Eric},
  year = {2023},
  month = sep,
  publisher = {VDE Verlag},
  address = {Stuttgart, Germany},
  isbn = {978-3-8007-6140-1}
}

@inproceedings{altHeuristicFreeOptimizationForceControlled2022,
  title = {Heuristic-{{Free Optimization}} of {{Force-Controlled Robot Search Strategies}} in {{Stochastic Environments}}},
  booktitle = {2022 {{IEEE}}/{{RSJ International Conference}} on {{Intelligent Robots}} and {{Systems}} ({{IROS}})},
  author = {Alt, Benjamin and Katic, Darko and J{\"a}kel, Rainer and Beetz, Michael},
  year = {2022},
  month = oct,
  pages = {8887--8893},
  publisher = {IEEE},
  address = {Kyoto, Japan},
  issn = {2153-0866},
  doi = {10.1109/IROS47612.2022.9982093},
  isbn = {978-1-6654-7927-1}
}

@inproceedings{altHumanAIInteractionIndustrial2024,
  title = {Human-{{AI Interaction}} in {{Industrial Robotics}}: {{Design}} and {{Empirical Evaluation}} of a {{User Interface}} for {{Explainable AI-Based Robot Program Optimization}}},
  booktitle = {Procedia {{CIRP}}},
  author = {Alt, Benjamin and Zahn, Johannes and Kienle, Claudius and Dvorak, Julia and May, Marvin and Katic, Darko and J{\"a}kel, Rainer and Kopp, Tobias and Beetz, Michael and Lanza, Gisela},
  year = {2024},
  month = apr,
  volume = {130},
  eprint = {2404.19349},
  primaryclass = {cs},
  pages = {591--596},
  publisher = {Elsevier B.V.},
  address = {P{\'o}voa de Varzim, Portugal},
  doi = {10.1016/j.procir.2024.10.134},
  urldate = {2024-05-10},
  archiveprefix = {arXiv}
}

@inproceedings{altKnowledgeDrivenRobotProgram2023,
  title = {Knowledge-{{Driven Robot Program Synthesis}} from {{Human VR Demonstrations}}},
  booktitle = {Proceedings of the 20th {{International Conference}} on {{Principles}} of {{Knowledge Representation}} and {{Reasoning}}},
  author = {Alt, Benjamin and Kenfack, Franklin Kenghagho and Haidu, Andrei and Katic, Darko and J{\"a}kel, Rainer and Beetz, Michael},
  year = {2023},
  month = sep,
  pages = {34--43},
  publisher = {IJCAI},
  address = {Rhodes, Greece},
  doi = {10.24963/kr.2023/4},
  isbn = {978-1-956792-02-7}
}

@inproceedings{altLapSeg3DWeaklySupervised2022,
  title = {{{LapSeg3D}}: {{Weakly Supervised Semantic Segmentation}} of {{Point Clouds Representing Laparoscopic Scenes}}},
  booktitle = {2022 {{IEEE}}/{{RSJ International Conference}} on {{Intelligent Robots}} and {{Systems}} ({{IROS}})},
  author = {Alt, Benjamin and Kunz, Christian and Katic, Darko and Younis, Rayan and J{\"a}kel, Rainer and {M{\"u}ller-Stich}, Beat Peter and Wagner, Martin and {Mathis-Ullrich}, Franziska},
  year = {2022},
  month = oct,
  pages = {5265--5270},
  publisher = {IEEE},
  address = {Kyoto, Japan},
  issn = {2153-0866},
  doi = {10.1109/IROS47612.2022.9981178},
  isbn = {978-1-6654-7927-1}
}

@patent{altMethodSystemDetermining2022a,
  title = {Method and {{System}} for {{Determining Optimized Program Parameters}} for a {{Robot Program}}},
  author = {Alt, Benjamin and J{\"a}kel, Rainer and Katic, Darko},
  year = {2022},
  month = feb,
  number = {WO2022022784A1},
  address = {Karlsruhe},
  urldate = {2023-01-28},
  assignee = {ArtiMinds Robotics GmbH},
  nationality = {Germany},
  annotation = {IPC:}
}

@inproceedings{altModulareDatengetriebeneRoboterprogrammierung2020,
  title = {Modulare, Datengetriebene {{Roboterprogrammierung}} F{\"u}r Die {{L{\"o}sung}} Komplexer {{Handhabungsaufgaben}} in {{Alltagsumgebungen}}},
  booktitle = {{{AAL-Kongress}} 2020},
  author = {Alt, Benjamin and Aumann, Florian and Gienger, Lennart and Jordan, Florian and Katic, Darko and J{\"a}kel, Rainer and Graf, Birgit},
  year = {2020},
  pages = {17--22},
  publisher = {VDE Verlag},
  address = {Berlin},
  isbn = {978-3-8007-5342-0}
}

@inproceedings{altRoboGrindIntuitiveInteractive2024,
  title = {{{RoboGrind}}: {{Intuitive}} and {{Interactive Surface Treatment}} with {{Industrial Robots}}},
  booktitle = {2024 {{IEEE International Conference}} on {{Robotics}} and {{Automation}} ({{ICRA}})},
  author = {Alt, Benjamin and St{\"o}ckl, Florian and M{\"u}ller, Silvan and Braun, Christopher and Raible, Julian and Alhasan, Saad and Rettig, Oliver and Ringle, Lukas and Katic, Darko and J{\"a}kel, Rainer and Beetz, Michael and Strand, Marcus and Huber, Marco F.},
  year = {2024},
  month = may,
  eprint = {2402.16542},
  primaryclass = {cs},
  pages = {1--8},
  publisher = {IEEE},
  address = {Yokohama, Japan},
  doi = {10.1109/ICRA57147.2024.10611143},
  urldate = {2024-03-05},
  archiveprefix = {arXiv},
  isbn = {979-8-3503-8457-4}
}

@inproceedings{altRobotProgramParameter2021,
  title = {Robot {{Program Parameter Inference}} via {{Differentiable Shadow Program Inversion}}},
  booktitle = {2021 {{IEEE International Conference}} on {{Robotics}} and {{Automation}} ({{ICRA}})},
  author = {Alt, Benjamin and Katic, Darko and J{\"a}kel, Rainer and Bozcuoglu, Asil Kaan and Beetz, Michael},
  year = {2021},
  month = may,
  pages = {4672--4678},
  publisher = {IEEE},
  address = {Xi'an, China},
  issn = {2577-087X},
  doi = {10.1109/ICRA48506.2021.9561206},
  isbn = {978-1-7281-9077-8}
}

@inproceedings{altShadowProgramInversion2025,
  title = {Shadow {{Program Inversion}} with {{Differentiable Planning}}: {{A Framework}} for {{Unified Robot Program Parameter}} and {{Trajectory Optimization}}},
  booktitle = {2025 {{IEEE International Conference}} on {{Robotics}} and {{Automation}} ({{ICRA}})},
  author = {Alt, Benjamin and Kienle, Claudius and Katic, Darko and J{\"a}kel, Rainer and Beetz, Michael},
  year = {2025},
  month = may,
  eprint = {2409.08678},
  primaryclass = {cs},
  publisher = {IEEE},
  address = {Atlanta, USA},
  doi = {10.48550/arXiv.2409.08678},
  urldate = {2024-09-23},
  archiveprefix = {arXiv}
}

@inproceedings{dittusLocalizationTrackingUserDefined2021,
  title = {Localization and {{Tracking}} of {{User-Defined Points}} on {{Deformable Objects}} for {{Robotic Manipulation}}},
  booktitle = {{{IEEE ICRA Workshop}} on {{Representing}} and {{Manipulating Deformable Objects}}},
  author = {Dittus, Sven and Alt, Benjamin and Hermann, Andreas and Katic, Darko and J{\"a}kel, Rainer and Fleischer, J{\"u}rgen},
  year = {2021},
  month = may,
  eprint = {2105.09067},
  publisher = {IEEE},
  address = {Xi'an, China},
  urldate = {2021-06-02},
  archiveprefix = {arXiv}
}

@incollection{grafRoPHaRobusteWahrnehmungsfahigkeiten2020,
  title = {{{RoPHa}} - {{Robuste Wahrnehmungsf{\"a}higkeiten}} F{\"u}r {{Roboter}} Zur {{Unterst{\"u}tzung}} {\"A}lterer {{Nutzer}} Im H{\"a}uslichen {{Umfeld}}},
  booktitle = {Autonome {{Roboter}} F{\"u}r {{Assistenz}}\-funktionen},
  author = {Graf, Birgit and Jordan, Florian and Blume, Gabriele and Martin, Ronny and {Abdel-Keream}, Mona and Mania, Patrick and Gronbach, Fabian and Emmerich, Christian and Schaller, Raphael and Katic, Darko and Alt, Benjamin},
  year = {2020},
  pages = {118--133},
  publisher = {Bundesanstalt f{\"u}r Arbeitsschutz und Arbeitsmedizin},
  address = {Dortmund}
}

@misc{kienleAIbasedFrameworkRobust2025,
  title = {{{AI-based Framework}} for {{Robust Model-Based Connector Mating}} in {{Robotic Wire Harness Installation}}},
  author = {Kienle, Claudius and Alt, Benjamin and Schneider, Finn and Pertlwieser, Tobias and J{\"a}kel, Rainer and Rayyes, Rania},
  year = {2025},
  month = mar,
  number = {arXiv:2503.09409},
  eprint = {2503.09409},
  primaryclass = {cs},
  publisher = {arXiv},
  doi = {10.48550/arXiv.2503.09409},
  urldate = {2025-03-17},
  archiveprefix = {arXiv}
}

@inproceedings{kienleMuTTMultimodalTrajectory2024,
  title = {{{MuTT}}: {{A Multimodal Trajectory Transformer}} for {{Robot Skills}}},
  booktitle = {{{IEEE}}/{{RSJ International Conference}} on {{Intelligent Robots}} and {{Systems}} ({{IROS}})},
  author = {Kienle, Claudius and Alt, Benjamin and Celik, Onur and Becker, Philipp and Katic, Darko and J{\"a}kel, Rainer and Neumann, Gerhard},
  year = {2024},
  month = aug,
  eprint = {2407.15660},
  primaryclass = {cs},
  pages = {9644--9651},
  publisher = {IEEE},
  address = {Abu Dhabi, United Arab Emirates},
  doi = {10.1109/IROS58592.2024.10802198},
  urldate = {2024-09-19},
  archiveprefix = {arXiv},
  isbn = {979-8-3503-7770-5}
}

@inproceedings{kienleQueryCADGroundedQuestion2025,
  title = {{{QueryCAD}}: {{Grounded Question Answering}} for {{CAD Models}}},
  booktitle = {2025 {{IEEE International Conference}} on {{Robotics}} and {{Automation}} ({{ICRA}})},
  author = {Kienle, Claudius and Alt, Benjamin and Katic, Darko and J{\"a}kel, Rainer},
  year = {2025},
  month = may,
  eprint = {2409.08704},
  primaryclass = {cs},
  publisher = {IEEE},
  address = {Atlanta, USA},
  doi = {10.48550/arXiv.2409.08704},
  urldate = {2024-09-27},
  archiveprefix = {arXiv}
}

@incollection{kluyMenschRoboterKollaborationKMUPotenziale2022,
  title = {{Mensch-Roboter-Kollaboration in KMU -- Potenziale identifizieren, analysieren und realisieren}},
  booktitle = {{Digitalisierung der Arbeitswelt im Mittelstand 1: Ergebnisse und Best Practice des BMBF-Forschungsschwerpunkts "Zukunft der Arbeit: Mittelstand -- innovativ und sozial"}},
  author = {Kluy, Lina and K{\"o}lmel, Lena and Alt, Benjamin and Baumgartner, Marco and Deml, Barbara and Hornung, Luisa and Katic, Darko and Kinkel, Steffen and Kopp, Tobias and Lorenz, Maureen and Nicolai, Philip and Riedel, Norman and Sch{\"a}fer, Arndt and Wurll, Christian},
  editor = {Nitsch, Verena and Brandl, Christopher and H{\"a}u{\ss}ling, Roger and Lemm, Jacqueline and Gries, Thomas and Schmenk, Bernhard},
  year = {2022},
  pages = {55--97},
  publisher = {Springer},
  address = {Berlin, Heidelberg},
  doi = {10.1007/978-3-662-64803-2_3},
  urldate = {2022-08-01},
  isbn = {978-3-662-64803-2}
}

@misc{melnikDigitalTwinGeneration2025,
  title = {Digital {{Twin Generation}} from {{Visual Data}}: {{A Survey}}},
  author = {Melnik, Andrew and Alt, Benjamin and Nguyen, Giang and Wilkowski, Artur and Stefa{\'n}czyk, Maciej and Wu, Qirui and Harms, Sinan and Rhodin, Helge and Savva, Manolis and Beetz, Michael},
  year = {2025},
  month = apr,
  number = {arXiv:2504.13159},
  eprint = {2504.13159},
  primaryclass = {cs},
  publisher = {arXiv},
  doi = {10.48550/arXiv.2504.13159},
  urldate = {2025-05-11},
  archiveprefix = {arXiv}
}

@inproceedings{raibleArtificialNeuralNetwork2023,
  title = {Artificial {{Neural Network Guided Compensation}} of {{Nonlinear Payload}} and {{Wear Effects}} for {{Industrial Robots}}},
  booktitle = {2023 {{IEEE}} 19th {{International Conference}} on {{Automation Science}} and {{Engineering}} ({{CASE}})},
  author = {Raible, Julian and Rettig, Oliver and Alt, Benjamin and Yaman, Alper and Gauger, Isabelle and Biasi, Lorenzo and M{\"u}ller, Silvan and Katic, Darko and Strand, Marcus and Huber, Marco F.},
  year = {2023},
  month = aug,
  pages = {1--8},
  publisher = {IEEE},
  address = {Auckland, New Zealand},
  issn = {2161-8089},
  doi = {10.1109/CASE56687.2023.10260559},
  urldate = {2023-12-16},
  isbn = {979-8-3503-2069-5}
}

@article{schultheisEASYEnergyEfficientAnalysis2024,
  title = {{{EASY}}: {{Energy-Efficient Analysis}} and {{Control Processes}} in the {{Dynamic Edge-Cloud Continuum}} for {{Industrial Manufacturing}}},
  author = {Schultheis, Alexander and Alt, Benjamin and Bast, Sebastian and Guldner, Achim and Jilg, David and Katic, Darko and Mundorf, Johannes and Schlagenhauf, Tobias and Weber, Sebastian and Bergmann, Ralph and Bergweiler, Simon and Creutz, Lars and Dartmann, Guido and Malburg, Lukas and Naumann, Stefan and Rezapour, Mahdi and Ruskowski, Martin},
  year = {2024},
  month = sep,
  journal = {KI - K{\"u}nstliche Intelligenz},
  issn = {1610-1987},
  doi = {10.1007/s13218-024-00868-3},
  urldate = {2024-09-05}
}

@inproceedings{stocklAutonomousSurfaceGrinding2023,
  title = {Autonomous {{Surface Grinding}} of {{Wind Turbine Blades}}},
  booktitle = {Intelligent {{Autonomous Systems}} 18},
  author = {St{\"o}ckl, Florian and Strand, Marcus and M{\"u}ller, Silvan and Huber, Marco and Raible, Julian and Braun, Christopher and Katic, Darko and Alt, Benjamin and Merkt, Holger},
  editor = {Lee, Soon-Geul and An, Jinung and Chong, Nak Young and Strand, Marcus and Kim, Joo H.},
  year = {2023},
  month = jul,
  pages = {451--457},
  publisher = {Springer Nature Switzerland},
  address = {Cham},
  doi = {10.1007/978-3-031-44981-9_38},
  isbn = {978-3-031-44981-9}
}
