
@article{kulak_active_2021,
	title = {Active {Learning} of {Bayesian} {Probabilistic} {Movement} {Primitives}},
	volume = {6},
	issn = {2377-3766},
	doi = {10.1109/LRA.2021.3060414},
	number = {2},
	journal = {IEEE Robotics and Automation Letters},
	author = {Kulak, Thibaut and Girgin, Hakan and Odobez, Jean-Marc and Calinon, Sylvain},
	month = apr,
	year = {2021},
	note = {recommend},
	keywords = {Bayes methods, Gaussian mixture model, Imitation learning, incremental learning, learning from demonstration, Learning systems, Robots, Task analysis, Trajectory, Uncertainty},
	pages = {2163--2170},
	file = {IEEE Xplore Abstract Record:/home/bal/Zotero/storage/H5ZBZ5IF/9357895.html:text/html}
}

@article{du_auto-tuned_2021,
	title = {Auto-{Tuned} {Sim}-to-{Real} {Transfer}},
	url = {http://arxiv.org/abs/2104.07662},
	urldate = {2021-06-01},
	journal = {arXiv:2104.07662 [cs]},
	author = {Du, Yuqing and Watkins, Olivia and Darrell, Trevor and Abbeel, Pieter and Pathak, Deepak},
	month = may,
	year = {2021},
	note = {arXiv: 2104.07662},
	keywords = {Computer Science - Machine Learning, Computer Science - Robotics, Computer Science - Artificial Intelligence, Computer Science - Computer Vision and Pattern Recognition, Computer Science - Human-Computer Interaction},
	file = {arXiv.org Snapshot:/home/bal/Zotero/storage/Z9IIQA6K/2104.html:text/html}
}

@article{haidu_automated_2020,
	title = {Automated acquisition of structured, semantic models of manipulation activities from human {VR} demonstration},
	url = {http://arxiv.org/abs/2011.13689},
	urldate = {2021-05-20},
	journal = {arXiv:2011.13689 [cs]},
	author = {Haidu, Andrei and Beetz, Michael},
	month = nov,
	year = {2020},
	note = {recommend},
	keywords = {Computer Science - Artificial Intelligence},
	file = {arXiv.org Snapshot:/home/bal/Zotero/storage/52EBN56S/2011.html:text/html}
}

@inproceedings{driess_learning_2021,
  title = {Learning {{Geometric Reasoning}} and {{Control}} for {{Long-Horizon Tasks}} from {{Visual Input}}},
  booktitle = {2021 {{IEEE International Conference}} on {{Robotics}} and {{Automation}} ({{ICRA}})},
  author = {Driess, Danny and Ha, Jung-Su and Tedrake, Russ and Toussaint, Marc},
  year = {2021},
  month = may,
  pages = {14298--14305},
  issn = {2577-087X},
  doi = {10.1109/ICRA48506.2021.9560934},
  urldate = {2024-10-20},
  keywords = {Cognition,Handover,Knowledge engineering,Programming,Robot sensing systems,Shape,Visualization},
  file = {/home/bal/Zotero/storage/GY8LRYNG/Driess et al. - 2021 - Learning Geometric Reasoning and Control for Long-.pdf}
}

@article{li_reactive_2021,
	title = {Reactive {Task} and {Motion} {Planning} under {Temporal} {Logic} {Specifications}},
	url = {http://arxiv.org/abs/2103.14464},
	urldate = {2021-06-03},
	journal = {arXiv:2103.14464 [cs]},
	author = {Li, Shen and Park, Daehyung and Sung, Yoonchang and Shah, Julie A. and Roy, Nicholas},
	month = mar,
	year = {2021},
	note = {recommend},
	keywords = {Computer Science - Robotics},
	file = {arXiv.org Snapshot:/home/bal/Zotero/storage/LF97I6ZK/2103.html:text/html}
}

@article{ho_retinagan_2020,
	title = {{RetinaGAN}: {An} {Object}-aware {Approach} to {Sim}-to-{Real} {Transfer}},
	shorttitle = {{RetinaGAN}},
	url = {http://arxiv.org/abs/2011.03148},
	journal = {arXiv:2011.03148 [cs]},
	author = {Ho, Daniel and Rao, Kanishka and Xu, Zhuo and Jang, Eric and Khansari, Mohi and Bai, Yunfei},
	month = nov,
	year = {2020},
	note = {arXiv: 2011.03148},
	keywords = {Computer Science - Robotics, I.2.9},
	file = {arXiv.org Snapshot:/home/bal/Zotero/storage/5GEC792R/2011.html:text/html}
}

@article{meyer_laserflow_2020,
	title = {{LaserFlow}: {Efficient} and {Probabilistic} {Object} {Detection} and {Motion} {Forecasting}},
	shorttitle = {{LaserFlow}},
	url = {http://arxiv.org/abs/2003.05982},
	urldate = {2021-06-03},
	journal = {arXiv:2003.05982 [cs]},
	author = {Meyer, Gregory P. and Charland, Jake and Pandey, Shreyash and Laddha, Ankit and Gautam, Shivam and Vallespi-Gonzalez, Carlos and Wellington, Carl K.},
	month = oct,
	year = {2020},
	note = {arXiv: 2003.05982},
	keywords = {Computer Science - Machine Learning, Computer Science - Robotics, Computer Science - Computer Vision and Pattern Recognition},
	file = {arXiv.org Snapshot:/home/bal/Zotero/storage/ILVH5EQI/2003.html:text/html}
}

@article{malla_social-stage_2021,
	title = {Social-{STAGE}: {Spatio}-{Temporal} {Multi}-{Modal} {Future} {Trajectory} {Forecast}},
	shorttitle = {Social-{STAGE}},
	url = {http://arxiv.org/abs/2011.04853},
	urldate = {2021-06-03},
	journal = {arXiv:2011.04853 [cs]},
	author = {Malla, Srikanth and Choi, Chiho and Dariush, Behzad},
	month = mar,
	year = {2021},
	note = {arXiv: 2011.04853},
	keywords = {Computer Science - Artificial Intelligence, Computer Science - Computer Vision and Pattern Recognition},
	file = {arXiv.org Snapshot:/home/bal/Zotero/storage/PZ4XXU6N/2011.html:text/html}
}

@article{tosatto_contextual_2021,
	title = {Contextual {Latent}-{Movements} {Off}-{Policy} {Optimization} for {Robotic} {Manipulation} {Skills}},
	url = {http://arxiv.org/abs/2010.13766},
	urldate = {2021-06-03},
	journal = {arXiv:2010.13766 [cs]},
	author = {Tosatto, Samuele and Chalvatzaki, Georgia and Peters, Jan},
	month = may,
	year = {2021},
	note = {recommend},
	keywords = {Computer Science - Machine Learning, Computer Science - Robotics},
	file = {arXiv.org Snapshot:/home/bal/Zotero/storage/F66UQ6Z4/2010.html:text/html}
}

@article{akbulut_reward_2020,
	title = {Reward {Conditioned} {Neural} {Movement} {Primitives} for {Population} {Based} {Variational} {Policy} {Optimization}},
	url = {http://arxiv.org/abs/2011.04282},
	urldate = {2021-06-03},
	journal = {arXiv:2011.04282 [cs]},
	author = {Akbulut, M. Tuluhan and Bozdogan, Utku and Tekden, Ahmet and Ugur, Emre},
	month = nov,
	year = {2020},
	note = {arXiv: 2011.04282},
	keywords = {Computer Science - Machine Learning, Computer Science - Robotics, Computer Science - Artificial Intelligence},
	file = {arXiv.org Snapshot:/home/bal/Zotero/storage/PUUIJ4XY/2011.html:text/html}
}

@article{sundermeyer_contact-graspnet_2021,
	title = {Contact-{GraspNet}: {Efficient} 6-{DoF} {Grasp} {Generation} in {Cluttered} {Scenes}},
	shorttitle = {Contact-{GraspNet}},
	url = {http://arxiv.org/abs/2103.14127},
	urldate = {2021-06-03},
	journal = {arXiv:2103.14127 [cs]},
	author = {Sundermeyer, Martin and Mousavian, Arsalan and Triebel, Rudolph and Fox, Dieter},
	month = mar,
	year = {2021},
	note = {arXiv: 2103.14127},
	keywords = {Computer Science - Robotics, Computer Science - Computer Vision and Pattern Recognition},
	file = {arXiv.org Snapshot:/home/bal/Zotero/storage/S74FFLYS/2103.html:text/html}
}

@article{cioflan_ms-ranas_2020,
	title = {{MS}-{RANAS}: {Multi}-{Scale} {Resource}-{Aware} {Neural} {Architecture} {Search}},
	shorttitle = {{MS}-{RANAS}},
	url = {http://arxiv.org/abs/2009.13940},
	urldate = {2021-06-03},
	journal = {arXiv:2009.13940 [cs]},
	author = {Cioflan, Cristian and Timofte, Radu},
	month = sep,
	year = {2020},
	note = {arXiv: 2009.13940},
	keywords = {Computer Science - Machine Learning, Computer Science - Computer Vision and Pattern Recognition, I.4.9, I.5.4},
	file = {arXiv.org Snapshot:/home/bal/Zotero/storage/H6LT5DIK/2009.html:text/html}
}

@article{lee_ikea_2019,
	title = {{IKEA} {Furniture} {Assembly} {Environment} for {Long}-{Horizon} {Complex} {Manipulation} {Tasks}},
	url = {http://arxiv.org/abs/1911.07246},
	urldate = {2021-06-03},
	journal = {arXiv:1911.07246 [cs]},
	author = {Lee, Youngwoon and Hu, Edward S. and Yang, Zhengyu and Yin, Alex and Lim, Joseph J.},
	month = nov,
	year = {2019},
	note = {arXiv: 1911.07246},
	keywords = {Computer Science - Machine Learning, Computer Science - Robotics, Computer Science - Artificial Intelligence, Computer Science - Computer Vision and Pattern Recognition},
	file = {arXiv.org Snapshot:/home/bal/Zotero/storage/GE8X87P4/1911.html:text/html}
}

@article{dinev_sparsity-inducing_2021,
	title = {Sparsity-{Inducing} {Optimal} {Control} via {Differential} {Dynamic} {Programming}},
	url = {http://arxiv.org/abs/2011.07325},
	urldate = {2021-06-03},
	journal = {arXiv:2011.07325 [cs]},
	author = {Dinev, Traiko and Merkt, Wolfgang and Ivan, Vladimir and Havoutis, Ioannis and Vijayakumar, Sethu},
	month = mar,
	year = {2021},
	note = {arXiv: 2011.07325},
	keywords = {Computer Science - Robotics},
	file = {arXiv.org Snapshot:/home/bal/Zotero/storage/NH9GVE63/2011.html:text/html}
}

@article{luo_self-imitation_2021,
	title = {Self-{Imitation} {Learning} by {Planning}},
	url = {http://arxiv.org/abs/2103.13834},
	urldate = {2021-06-03},
	journal = {arXiv:2103.13834 [cs]},
	author = {Luo, Sha and Kasaei, Hamidreza and Schomaker, Lambert},
	month = mar,
	year = {2021},
	note = {arXiv: 2103.13834},
	keywords = {Computer Science - Robotics, Computer Science - Artificial Intelligence},
	file = {arXiv.org Snapshot:/home/bal/Zotero/storage/KAPVP6MH/2103.html:text/html}
}

@article{pairet_path_2021,
	title = {Path {Planning} for {Manipulation} using {Experience}-driven {Random} {Trees}},
	volume = {6},
	issn = {2377-3766, 2377-3774},
	url = {http://arxiv.org/abs/2103.00448},
	doi = {10.1109/LRA.2021.3063063},
	number = {2},
	urldate = {2021-06-03},
	journal = {IEEE Robot. Autom. Lett.},
	author = {Pairet, Ãˆric and Chamzas, Constantinos and Petillot, Yvan and Kavraki, Lydia E.},
	month = apr,
	year = {2021},
	note = {recommend},
	keywords = {Computer Science - Robotics},
	pages = {3295--3302},
	file = {arXiv.org Snapshot:/home/bal/Zotero/storage/H4VZMMC8/2103.html:text/html}
}

@article{wen_end--end_2021,
	title = {End-{To}-{End} {Semi}-supervised {Learning} for {Differentiable} {Particle} {Filters}},
	url = {http://arxiv.org/abs/2011.05748},
	urldate = {2021-06-03},
	journal = {arXiv:2011.05748 [cs, stat]},
	author = {Wen, Hao and Chen, Xiongjie and Papagiannis, Georgios and Hu, Conghui and Li, Yunpeng},
	month = mar,
	year = {2021},
	note = {arXiv: 2011.05748},
	keywords = {Computer Science - Machine Learning, Statistics - Machine Learning},
	file = {arXiv.org Snapshot:/home/bal/Zotero/storage/AUEB2IZY/2011.html:text/html}
}

@article{wulfmeier_representation_2021,
	title = {Representation {Matters}: {Improving} {Perception} and {Exploration} for {Robotics}},
	shorttitle = {Representation {Matters}},
	url = {http://arxiv.org/abs/2011.01758},
	urldate = {2021-06-03},
	journal = {arXiv:2011.01758 [cs, stat]},
	author = {Wulfmeier, Markus and Byravan, Arunkumar and Hertweck, Tim and Higgins, Irina and Gupta, Ankush and Kulkarni, Tejas and Reynolds, Malcolm and Teplyashin, Denis and Hafner, Roland and Lampe, Thomas and Riedmiller, Martin},
	month = mar,
	year = {2021},
	note = {arXiv: 2011.01758},
	keywords = {Computer Science - Machine Learning, Computer Science - Robotics, Computer Science - Artificial Intelligence, Statistics - Machine Learning},
	file = {arXiv.org Snapshot:/home/bal/Zotero/storage/SSWH38WQ/2011.html:text/html}
}

@article{bechtle_leveraging_2020,
	title = {Leveraging {Forward} {Model} {Prediction} {Error} for {Learning} {Control}},
	url = {http://arxiv.org/abs/2011.03859},
	urldate = {2021-06-03},
	journal = {arXiv:2011.03859 [cs]},
	author = {Bechtle, Sarah and Hammoud, Bilal and Rai, Akshara and Meier, Franziska and Righetti, Ludovic},
	month = nov,
	year = {2020},
	note = {recommend},
	keywords = {Computer Science - Robotics},
	file = {arXiv.org Snapshot:/home/bal/Zotero/storage/4M8B8MI4/2011.html:text/html}
}

@article{liu_deep_2021,
	title = {Deep {Structured} {Reactive} {Planning}},
	url = {http://arxiv.org/abs/2101.06832},
	urldate = {2021-06-03},
	journal = {arXiv:2101.06832 [cs]},
	author = {Liu, Jerry and Zeng, Wenyuan and Urtasun, Raquel and Yumer, Ersin},
	month = apr,
	year = {2021},
	note = {arXiv: 2101.06832},
	keywords = {Computer Science - Machine Learning, Computer Science - Robotics, Computer Science - Artificial Intelligence, Computer Science - Computer Vision and Pattern Recognition},
	file = {arXiv.org Snapshot:/home/bal/Zotero/storage/ZDC7T7CD/2101.html:text/html}
}

@article{chen_batch_2021,
	title = {Batch {Exploration} with {Examples} for {Scalable} {Robotic} {Reinforcement} {Learning}},
	volume = {6},
	issn = {2377-3766, 2377-3774},
	url = {http://arxiv.org/abs/2010.11917},
	doi = {10.1109/LRA.2021.3068655},
	number = {3},
	urldate = {2021-06-03},
	journal = {IEEE Robot. Autom. Lett.},
	author = {Chen, Annie S. and Nam, HyunJi and Nair, Suraj and Finn, Chelsea},
	month = jul,
	year = {2021},
	note = {arXiv: 2010.11917},
	keywords = {Computer Science - Machine Learning, Computer Science - Robotics, Computer Science - Artificial Intelligence},
	pages = {4401--4408},
	file = {arXiv.org Snapshot:/home/bal/Zotero/storage/49893QB7/2010.html:text/html}
}

@article{morgan_model_2021,
	title = {Model {Predictive} {Actor}-{Critic}: {Accelerating} {Robot} {Skill} {Acquisition} with {Deep} {Reinforcement} {Learning}},
	shorttitle = {Model {Predictive} {Actor}-{Critic}},
	url = {http://arxiv.org/abs/2103.13842},
	urldate = {2021-06-03},
	journal = {arXiv:2103.13842 [cs]},
	author = {Morgan, Andrew S. and Nandha, Daljeet and Chalvatzaki, Georgia and D'Eramo, Carlo and Dollar, Aaron M. and Peters, Jan},
	month = mar,
	year = {2021},
	note = {arXiv: 2103.13842},
	keywords = {Computer Science - Machine Learning, Computer Science - Robotics},
	file = {arXiv.org Snapshot:/home/bal/Zotero/storage/IDTN8524/2103.html:text/html}
}

@article{lee_causal_2021,
	title = {Causal {Reasoning} in {Simulation} for {Structure} and {Transfer} {Learning} of {Robot} {Manipulation} {Policies}},
	url = {http://arxiv.org/abs/2103.16772},
	urldate = {2021-06-03},
	journal = {arXiv:2103.16772 [cs]},
	author = {Lee, Timothy E. and Zhao, Jialiang and Sawhney, Amrita S. and Girdhar, Siddharth and Kroemer, Oliver},
	month = mar,
	year = {2021},
	note = {arXiv: 2103.16772},
	keywords = {Computer Science - Robotics},
	file = {arXiv.org Snapshot:/home/bal/Zotero/storage/DERUTHKJ/2103.html:text/html}
}

@article{allshire_laser_2021,
	title = {{LASER}: {Learning} a {Latent} {Action} {Space} for {Efficient} {Reinforcement} {Learning}},
	shorttitle = {{LASER}},
	url = {http://arxiv.org/abs/2103.15793},
	urldate = {2021-06-03},
	journal = {arXiv:2103.15793 [cs]},
	author = {Allshire, Arthur and MartÃ­n-MartÃ­n, Roberto and Lin, Charles and Manuel, Shawn and Savarese, Silvio and Garg, Animesh},
	month = mar,
	year = {2021},
	note = {arXiv: 2103.15793},
	keywords = {Computer Science - Robotics, Computer Science - Artificial Intelligence},
	file = {arXiv.org Snapshot:/home/bal/Zotero/storage/2WSPED4K/2103.html:text/html}
}

@article{wu_shaping_2020,
	title = {Shaping {Rewards} for {Reinforcement} {Learning} with {Imperfect} {Demonstrations} using {Generative} {Models}},
	url = {http://arxiv.org/abs/2011.01298},
	urldate = {2021-06-03},
	journal = {arXiv:2011.01298 [cs]},
	author = {Wu, Yuchen and Mozifian, Melissa and Shkurti, Florian},
	month = nov,
	year = {2020},
	note = {arXiv: 2011.01298},
	keywords = {Computer Science - Machine Learning, Computer Science - Robotics},
	file = {arXiv.org Snapshot:/home/bal/Zotero/storage/6JX4AZPZ/2011.html:text/html}
}

@article{power_keep_2021,
	title = {Keep it {Simple}: {Data}-efficient {Learning} for {Controlling} {Complex} {Systems} with {Simple} {Models}},
	shorttitle = {Keep it {Simple}},
	url = {http://arxiv.org/abs/2102.02493},
	urldate = {2021-06-03},
	journal = {arXiv:2102.02493 [cs]},
	author = {Power, Thomas and Berenson, Dmitry},
	month = feb,
	year = {2021},
	note = {recommend},
	keywords = {Computer Science - Machine Learning, Computer Science - Robotics},
	file = {arXiv.org Snapshot:/home/bal/Zotero/storage/GJI9PSTF/2102.html:text/html}
}

@article{boggess_towards_2021,
	title = {Towards {Personalized} {Explanation} of {Robot} {Path} {Planning} via {User} {Feedback}},
	url = {http://arxiv.org/abs/2011.00524},
	urldate = {2021-06-03},
	journal = {arXiv:2011.00524 [cs]},
	author = {Boggess, Kayla and Chen, Shenghui and Feng, Lu},
	month = mar,
	year = {2021},
	note = {arXiv: 2011.00524},
	keywords = {Computer Science - Robotics, Computer Science - Artificial Intelligence},
	file = {arXiv.org Snapshot:/home/bal/Zotero/storage/ES673CNY/2011.html:text/html}
}

@article{johns_coarse--fine_2021,
	title = {Coarse-to-{Fine} {Imitation} {Learning}: {Robot} {Manipulation} from a {Single} {Demonstration}},
	shorttitle = {Coarse-to-{Fine} {Imitation} {Learning}},
	url = {http://arxiv.org/abs/2105.06411},
	urldate = {2021-06-03},
	journal = {arXiv:2105.06411 [cs]},
	author = {Johns, Edward},
	month = may,
	year = {2021},
	note = {arXiv: 2105.06411},
	keywords = {Computer Science - Robotics},
	file = {arXiv.org Snapshot:/home/bal/Zotero/storage/V9PIZ9NF/2105.html:text/html}
}

@article{sathya_weighted_2021,
	title = {A {Weighted} {Method} for {Fast} {Resolution} of {Strictly} {Hierarchical} {Robot} {Task} {Specifications} {Using} {Exact} {Penalty} {Functions}},
	volume = {6},
	issn = {2377-3766},
	doi = {10.1109/LRA.2021.3063026},
	number = {2},
	journal = {IEEE Robotics and Automation Letters},
	author = {Sathya, Ajay Suresha and Pipeleers, Goele and DecrÃ©, Wilm and Swevers, Jan},
	month = apr,
	year = {2021},
	note = {Conference Name: IEEE Robotics and Automation Letters},
	keywords = {Robots, Manipulators, Task analysis, redundant robots, Jacobian matrices, Linear programming, Optimal control, Optimization, Optimization and optimal control, whole-body motion planning and control},
	pages = {3057--3064}
}

@article{sidiropoulos_human-robot_2021,
	title = {Human-robot collaborative object transfer using human motion prediction based on {Cartesian} pose {Dynamic} {Movement} {Primitives}},
	url = {http://arxiv.org/abs/2104.03155},
	urldate = {2021-06-03},
	journal = {arXiv:2104.03155 [cs]},
	author = {Sidiropoulos, Antonis and Karayiannidis, Yiannis and Doulgeri, Zoe},
	month = apr,
	year = {2021},
	note = {arXiv: 2104.03155},
	keywords = {Computer Science - Robotics},
	file = {arXiv.org Snapshot:/home/bal/Zotero/storage/IY4ZN5L9/2104.html:text/html}
}

@article{lechner_adversarial_2021,
	title = {Adversarial {Training} is {Not} {Ready} for {Robot} {Learning}},
	url = {http://arxiv.org/abs/2103.08187},
	urldate = {2021-06-03},
	journal = {arXiv:2103.08187 [cs]},
	author = {Lechner, Mathias and Hasani, Ramin and Grosu, Radu and Rus, Daniela and Henzinger, Thomas A.},
	month = mar,
	year = {2021},
	note = {arXiv: 2103.08187},
	keywords = {Computer Science - Machine Learning},
	file = {arXiv.org Snapshot:/home/bal/Zotero/storage/T5857YBR/2103.html:text/html}
}

@article{lutter_differentiable_2020,
	title = {Differentiable {Physics} {Models} for {Real}-world {Offline} {Model}-based {Reinforcement} {Learning}},
	url = {http://arxiv.org/abs/2011.01734},
	urldate = {2021-06-03},
	journal = {arXiv:2011.01734 [cs]},
	author = {Lutter, Michael and Silberbauer, Johannes and Watson, Joe and Peters, Jan},
	month = nov,
	year = {2020},
	note = {arXiv: 2011.01734},
	keywords = {Computer Science - Machine Learning, Computer Science - Robotics},
	file = {arXiv.org Snapshot:/home/bal/Zotero/storage/QT9YETI9/2011.html:text/html}
}

@article{ha_distilling_2021,
	title = {Distilling a {Hierarchical} {Policy} for {Planning} and {Control} via {Representation} and {Reinforcement} {Learning}},
	url = {http://arxiv.org/abs/2011.08345},
	urldate = {2021-06-03},
	journal = {arXiv:2011.08345 [cs]},
	author = {Ha, Jung-Su and Park, Young-Jin and Chae, Hyeok-Joo and Park, Soon-Seo and Choi, Han-Lim},
	month = apr,
	year = {2021},
	note = {arXiv: 2011.08345},
	keywords = {Computer Science - Machine Learning, Computer Science - Robotics},
	file = {arXiv.org Snapshot:/home/bal/Zotero/storage/43H6BGJ4/2011.html:text/html}
}
